<record><leader>00000cas a22000007a 4500</leader><controlfield tag="001">24526681</controlfield><controlfield tag="008">911010d1uuu1901nyuwr ne      0    0eng d</controlfield><datafield ind1=" " ind2=" " tag="010"><subfield code="a">sn 91066694 </subfield></datafield><datafield ind1=" " ind2=" " tag="040"><subfield code="a">NYS</subfield><subfield code="b">eng</subfield><subfield code="c">NYS</subfield><subfield code="d">OCLCQ</subfield></datafield><datafield ind1=" " ind2=" " tag="042"><subfield code="a">msc</subfield></datafield><datafield ind1="0" ind2=" " tag="130"><subfield code="a">Republican (Hunter, N.Y.)</subfield></datafield><datafield ind1="1" ind2="4" tag="245"><subfield code="a">The Republican.</subfield></datafield><datafield ind1=" " ind2=" " tag="260"><subfield code="a">Hunter, Greene Co., N.Y. :</subfield><subfield code="b">R.L. Burchan</subfield></datafield><datafield ind1=" " ind2=" " tag="300"><subfield code="a">v.</subfield></datafield><datafield ind1=" " ind2=" " tag="310"><subfield code="a">Weekly</subfield></datafield><datafield ind1="1" ind2=" " tag="362"><subfield code="a">Ceased in 1901?</subfield><subfield code="z">Cf. Gregory, W. Amer. newspapers.</subfield></datafield><datafield ind1=" " ind2=" " tag="500"><subfield code="a">Published on Friday.</subfield></datafield><datafield ind1=" " ind2=" " tag="588"><subfield code="a">Description based on: Vol. 16, no. 32 (Jan. 19, 1900).</subfield></datafield><datafield ind1=" " ind2="4" tag="651"><subfield code="a">Hunter (N.Y.)</subfield><subfield code="v">Newspapers.</subfield></datafield><datafield ind1=" " ind2=" " tag="752"><subfield code="a">United States</subfield><subfield code="b">New York</subfield><subfield code="c">Greene</subfield><subfield code="d">Hunter.</subfield></datafield><datafield ind1="0" ind2="0" tag="780"><subfield code="t">Hunter Republican</subfield><subfield code="w">(DLC)sn 91066693</subfield><subfield code="w">(OCoLC)24526679</subfield></datafield><datafield ind1="0" ind2="0" tag="785"><subfield code="t">Hunter review</subfield><subfield code="w">(DLC)sn 91066695</subfield><subfield code="w">(OCoLC)24526682</subfield></datafield><datafield ind1="1" ind2=" " tag="029"><subfield code="a">AU@</subfield><subfield code="b">000025850675</subfield></datafield></record>